@MISC{wiki,
	Publisher = "Wikimedia Foundation Inc.",
	AUTHOR = {Wikimedia-Foundation},
	YEAR = {2018},
	note = {Accessed: 2018-04-20},
	TITLE = "Partition (Mengenlehre)",
	HOWPUBLISHED = "\url{https://de.wikipedia.org/wiki/Partition_(Mengenlehre)}"
}

@MISC{HM12,
	AUTHOR = {Prof. Dr. Guido Schneider},
	YEAR = {2018},
	TITLE = {HM1-2 Script},
	note = {Vorlesungsscript}
}

@BOOK{GDE12,
	AUTHOR = {Prof. Dr.-Ing. Norbert Fr√ºhauf},
	YEAR = {2016},
	TITLE = {GDE1-2 Script},
	note = {Vorlesungsscript}}
}
	
@BOOK{EleT,
	AUTHOR = {Wolfgang Bieneck},
	TITLE = {Elektro T},
	YEAR = 2010},
	PUBLISHER = {Holland + Josenhans},
	note = {Grundlagen der Elektrotechnik}
}	
	